@article { cpu-nano-interconnect,
author = "R. G. Beausoleil, P. J. Kuekes, G. S. Snider, S.-Y. Wang, and R. S. Williams",
title = "Nanoelectronic and nanophotonic interconnect",
journal = "Proc. IEEE, vol. 96, no. 2, pp. 230–247",
year = "Feb. 2008"
}

@article { cpu-hp-switches,
author = "B. G. Lee, A. Biberman, J. Chan, and K. Bergman",
title = "High-performance modulators and switches for silicon photonic
                  networks-on-chip",
journal = "IEEE J. Sel. Topics Quantum Electron., vol. 16, no. 1,
                  pp. 6–22",
year = "Jan./Feb. 2010"
}

@article { cpu-optical-requirements,
author = "D. A. B. Miller",
title = "Device requirements for optical interconnects to silicon
                  chips",
journal = "Proc. IEEE, vol. 97, no. 7, pp. 1166–1185",
year = "Jul. 2009"
}

@article { cpu-microring,
author = "Hao Jia, Yunchou Zhao, Lei Zhang, Qiaoshan Chen, Jianfeng
                  Ding, Xin Fu, and Lin Yang",
title = "Five-Port Optical Router Based on Silicon Microring Optical
                  Switches for Photonic Networks-on-Chip",
journal = "IEEE PHOTONICS TECHNOLOGY LETTERS, VOL. 28, NO. 9",
year = "May 2016"
}

@INPROCEEDINGS{6359293, 
author={H. Hu and H. Ji and M. Galili and M. Pu and K. Yvind and
                  P. Jeppesen and L. K. Oxenløwe},
booktitle={IEEE Photonics Conference 2012},
title={160 Gbit/s optical packet switching using a silicon chip},
year={2012},
volume={},
number={},
pages={915-916},
keywords={optical communication;optical modulation;packet
                  switching;silicon;optical packet switching;silicon
                  chip;cross-phase modulation;error free
                  performance;bit rate 160 Gbit/s;Optical packet
                  switching;Silicon;Optical switches;Optical
                  waveguides;Nonlinear optics;Optical
                  filters;Modulation;Optical packet switching;Cross
                  phase modulation;Silicon nanowire}, 
doi={10.1109/IPCon.2012.6359293}, 
ISSN={1092-8081}, 
month={Sept},}

@article { name,
author = "",
title = "",
journal = "",
year = ""
}
}